=LDR  00806 am a22002773u 4500
=001  012849367
=003  Uk
=005  20170831143500.0
=008  040421s1997\\\\||||||||||||||||||||heb\|
=FMT  \\$a  BK
=100  1\$aBenvenisty H
=245  10$aKeneset ha-gedolah vols.2-7
=260  \\$aJerusalem$bMakhon ha-Ketav$c1997
=336  \\$atext$2rdacontent
=337  \\$aunmediated$2rdamedia
=338  \\$avolume$2rdacarrier
=957  \\$r09/02/1999
=AQN  \\$aE56
=CAT  \\$aCONV$b00$c20040425$lBLL90$h0916
=CAT  \\$aCONV$b00$c20040502$lBLL01$h1521
=CAT  \\$aBATCH$b00$c20091211$lBLL01$h0047
=CAT  \\$a12612$b40$c20170831$lBLL01$h1435
=CAT  \\$aW1810-0931$c20181016$lBLL01$h1741
=SRC  \\$aMOP02$bbibm2.200404.2.aa
=STA  \\$aSUPPRESSED
=LAS  \\$aW1810-0931$b00$c20181016$lBLL01$h1741

